@article{kristin2020call,
  title =	 {Call to increase statistical collaboration in sports science, sport and exercise medicine and sports physiotherapy},
  author =	 {Kristin L. Sainani, D. Borg},
  journal =	 {Semantic Scholar},
  volume =	 55,
  number =	 2,
  pages =	 {118--122},
  year =	 2020,
  publisher =	 {British Journal of Sports Medicine}
}

@article{yukyuom2019common,
  title =	 {Common Mistakes in Statistical and Methodological Practices of Sport Management Research},
  author =	 {Yukyuom Kim, J. L. Lee},
  journal =	 {ingenta connect},
  volume =	 23,
  number =	 4,
  pages =	 {314--324(11)},
  year =	 2019,
  publisher =	 {Semantic Scholar}
}